% LTeX: enabled=false
@misc{mimic,
  doi       = {10.13026/A2MW-F949},
  url       = {https://physionet.org/content/mimic4wdb/0.1.0/},
  author    = {Moody,  Benjamin and Hao,  Sicheng and Gow,  Brian and Pollard,  Tom and Zong,  Wei and Mark,  Roger},
  title     = {MIMIC-IV Waveform Database},
  publisher = {PhysioNet},
  year      = {2022}
}

@article{Goldberger2000,
  title     = {PhysioBank,  PhysioToolkit,  and PhysioNet: Components of a New Research Resource for Complex Physiologic Signals},
  volume    = {101},
  issn      = {1524-4539},
  url       = {http://dx.doi.org/10.1161/01.cir.101.23.e215},
  doi       = {10.1161/01.cir.101.23.e215},
  number    = {23},
  journal   = {Circulation},
  publisher = {Ovid Technologies (Wolters Kluwer Health)},
  author    = {Goldberger,  Ary L. and Amaral,  Luis A. N. and Glass,  Leon and Hausdorff,  Jeffrey M. and Ivanov,  Plamen Ch. and Mark,  Roger G. and Mietus,  Joseph E. and Moody,  George B. and Peng,  Chung-Kang and Stanley,  H. Eugene},
  year      = {2000},
  month     = jun
}