% LTeX: enabled=false
@article{Makowski2021neurokit,
  author    = {Dominique Makowski and Tam Pham and Zen J. Lau and Jan C. Brammer and Fran{\c{c}}ois Lespinasse and Hung Pham and Christopher Sch√∂lzel and S. H. Annabel Chen},
  title     = {{NeuroKit}2: A Python toolbox for neurophysiological signal processing},
  journal   = {Behavior Research Methods},
  volume    = {53},
  number    = {4},
  pages     = {1689--1696},
  publisher = {Springer Science and Business Media {LLC}},
  doi       = {10.3758/s13428-020-01516-y},
  url       = {https://doi.org/10.3758%2Fs13428-020-01516-y},
  year      = 2021,
  month     = {feb}
}

@misc{tensorflow2015-whitepaper,
  title  = { {TensorFlow}: Large-Scale Machine Learning on Heterogeneous Systems},
  url    = {https://www.tensorflow.org/},
  note   = {Software available from tensorflow.org},
  author = {
            Mart\'{i}n~Abadi and
            Ashish~Agarwal and
            Paul~Barham and
            Eugene~Brevdo and
            Zhifeng~Chen and
            Craig~Citro and
            Greg~S.~Corrado and
            Andy~Davis and
            Jeffrey~Dean and
            Matthieu~Devin and
            Sanjay~Ghemawat and
            Ian~Goodfellow and
            Andrew~Harp and
            Geoffrey~Irving and
            Michael~Isard and
            Yangqing Jia and
            Rafal~Jozefowicz and
            Lukasz~Kaiser and
            Manjunath~Kudlur and
            Josh~Levenberg and
            Dandelion~Man\'{e} and
            Rajat~Monga and
            Sherry~Moore and
            Derek~Murray and
            Chris~Olah and
            Mike~Schuster and
            Jonathon~Shlens and
            Benoit~Steiner and
            Ilya~Sutskever and
            Kunal~Talwar and
            Paul~Tucker and
            Vincent~Vanhoucke and
            Vijay~Vasudevan and
            Fernanda~Vi\'{e}gas and
            Oriol~Vinyals and
            Pete~Warden and
            Martin~Wattenberg and
            Martin~Wicke and
            Yuan~Yu and
            Xiaoqiang~Zheng},
  year   = {2015}
}

@misc{chollet2015keras,
  title        = {Keras},
  author       = {Chollet, Fran\c{c}ois and others},
  year         = {2015},
  publisher    = {GitHub},
  howpublished = {\url{https://github.com/fchollet/keras}}
}